@BOOK{Harder,
AUTHOR="Guenter Harder",
TITLE="Lectures on Algebraic Geometry I - Sheaves, Cohomolgy of Sheaves, and Applications to Riemann Surfaces, 1st Edition",
PUBLISHER="Vieweg",
YEAR="2008",
}

@BOOK{Lee,
AUTHOR="John M. Lee",
TITLE="Introduction to Smooth Manifolds, 2nd Edition",
PUBLISHER="Springer",
YEAR="2013",
}

@BOOK{MacLane,
AUTHOR="Saunders MacLane",
TITLE="Categories of working Mathematician, 2nd Edition",
PUBLISHER="Springer",
YEAR="1978",
}